@misc{fiume_piave,
title = {Fiume Piave - Wikipedia},
url={https://it.wikipedia.org/wiki/Piave},
notes = {Site update: 2024-11-11}}

@misc{fiume_boite,
title = {Fiume Boite - Wikipedia},
url={https://it.wikipedia.org/wiki/Boite},
notes = {Site update: 2024-05-12}}

@misc{hec-ras,
title = {HEC-RAS - Wikipedia},
url={https://en.wikipedia.org/wiki/HEC-RAS},
notes = {Site update: 2024-01-06}}

@misc{hec-ras-user-manual,
title = {HEC-RAS User's Manual},
url={https://www.hec.usace.army.mil/confluence/rasdocs/rasum/latest},
notes = {Site update: 2024-01-06}}





}
